%% LaTeX2e file `cites.bib'
%% generated by the `filecontents' environment
%% from source `test' on 2019/05/14.
%%
@techreport{rosen2000multiprotocol,
  title={Multiprotocol label switching architecture},
  author={Rosen, Eric and Viswanathan, Arun and Callon, Ross},
  year={2000}
}
